<?xml version="1.0" encoding="UTF-8"?><collection xmlns="http://www.loc.gov/MARC21/slim"><record><leader>00541nam--2200181-i-4500</leader><controlfield tag="001">000050150</controlfield><controlfield tag="002">20161230</controlfield><controlfield tag="005">20161230201048</controlfield><controlfield tag="008">060222s1000------------r-----000-0-eng-d</controlfield><datafield ind1=" " ind2=" " tag="020"><subfield code="a">9971950065</subfield></datafield><datafield ind1=" " ind2=" " tag="040"><subfield code="a">IFIN-HH</subfield></datafield><datafield ind1=" " ind2=" " tag="080"><subfield code="a">539.14(061.3)</subfield></datafield><datafield ind1="1" ind2=" " tag="100"><subfield code="a">Bertsch, George F</subfield></datafield><datafield ind1="1" ind2="0" tag="245"><subfield code="a">Nuclear theory 1981</subfield><subfield code="b">Proceedings of the nuclear theory summer workshop santa barbara august 1981</subfield><subfield code="c">George f. bertsch (ed.)</subfield></datafield><datafield ind1=" " ind2=" " tag="260"><subfield code="a">Singapore</subfield><subfield code="b">World Scientific</subfield><subfield code="c">1982</subfield></datafield><datafield ind1=" " ind2=" " tag="300"><subfield code="a">296P</subfield></datafield><datafield ind1=" " ind2=" " tag="852"><subfield code="a">70268</subfield><subfield code="c">539.14</subfield></datafield><datafield ind1=" " ind2=" " tag="CAT"><subfield code="a">Sys</subfield><subfield code="c">20120404</subfield><subfield code="h">130426</subfield></datafield></record></collection>